@article{dummypaper,
	title = {Portrayal of Sexuality and Gender in Video Games},
	author = {Björk, Pauline and Borgh, Anna and Guting, Egil and Schörling, Axel and Sehdo, Sara and Wannelöf, Wanda },
	month = jun,
	year = {2024},
	keywords = {some keyword, another keyword},
	pages = {92},
}
